@article{ways19_moler,
  author  = {Moler, Cleve and Loan, Charles},
  year    = {2003},
  month   = {03},
  pages   = {3-49},
  title   = {Nineteen Dubious Ways to Compute the Exponential of a Matrix, Twenty-Five Years Later},
  volume  = {45},
  journal = {Society for Industrial and Applied Mathematics},
  doi     = {10.1137/S00361445024180}
}